@misc{economist_10, 
  title="The data deluge", 
  url="http://www.economist.com/node/15579717", 
  journal="The Economist", 
  publisher="The Economist Newspaper", 
  year=2010, 
  month="Feb"
}
     
@article{zaharia2016apache,
  title={Apache Spark: a unified engine for big data processing},
  author={Zaharia, Matei and Xin, Reynold S and Wendell, Patrick and Das, Tathagata and Armbrust, Michael and Dave, Ankur and Meng, Xiangrui and Rosen, Josh and Venkataraman, Shivaram and Franklin, Michael J and others},
  journal={Communications of the ACM},
  volume={59},
  number={11},
  pages={56--65},
  year={2016},
  publisher={ACM}
}

@article{meng2016mllib,
  title={Mllib: Machine learning in apache spark},
  author={Meng, Xiangrui and Bradley, Joseph and Yuvaz, B and Sparks, Evan and Venkataraman, Shivaram and Liu, Davies and Freeman, Jeremy and Tsai, D and Amde, Manish and Owen, Sean and others},
  journal={JMLR},
  volume={17},
  number={34},
  pages={1--7},
  year={2016}
}

@article{zaharia2010spark,
  title={Spark: cluster computing with working sets.},
  author={Zaharia, Matei and Chowdhury, Mosharaf and Franklin, Michael J and Shenker, Scott and Stoica, Ion},
  journal={HotCloud},
  volume={10},
  pages={10--10},
  year={2010}
}
   
@inproceedings{zaharia2012resilient,
  title={Resilient distributed datasets: A fault-tolerant abstraction for in-memory cluster computing},
  author={Zaharia, Matei and Chowdhury, Mosharaf and Das, Tathagata and Dave, Ankur and Ma, Justin and McCauley, Murphy and Franklin, Michael J and Shenker, Scott and Stoica, Ion},
  booktitle={Proceedings of the 9th USENIX conference on Networked Systems Design and Implementation},
  pages={2--2},
  year={2012},
  organization={USENIX Association}
}

@inproceedings{armbrust2015spark,
  title={Spark sql: Relational data processing in spark},
  author={Armbrust, Michael and Xin, Reynold S and Lian, Cheng and Huai, Yin and Liu, Davies and Bradley, Joseph K and Meng, Xiangrui and Kaftan, Tomer and Franklin, Michael J and Ghodsi, Ali and others},
  booktitle={Proceedings of the 2015 ACM SIGMOD International Conference on Management of Data},
  pages={1383--1394},
  year={2015},
  organization={ACM}
}    

@article{satish2014predicting,
  title={Predicting Intraday Trading Volume and Volume Percentages},
  author={Satish, Venkatesh and Saxena, Abhay and Palmer, Max},
  journal={The Journal of Trading},
  volume={9},
  number={3},
  pages={15--25},
  year={2014}
}

@article{bessembinder1993price,
  title={Price volatility, trading volume, and market depth: Evidence from futures markets},
  author={Bessembinder, Hendrik and Seguin, Paul J},
  journal={Journal of financial and Quantitative Analysis},
  volume={28},
  number={01},
  pages={21--39},
  year={1993},
  publisher={Cambridge Univ Press}
}

@article{foster1995volume,
  title={Volume-volatility relationships for crude oil futures markets},
  author={Foster, Andrew J},
  journal={Journal of Futures Markets},
  volume={15},
  number={8},
  pages={929--951},
  year={1995},
  publisher={Wiley Online Library}
}

@book{harrell2015regression,
  title={Regression modeling strategies: with applications to linear models, logistic and ordinal regression, and survival analysis},
  author={Harrell, Frank},
  year={2015},
  publisher={Springer}
}